@misc{heinze2019flux,
    title={The Flux Distribution and Sky Density of 25th Magnitude Main Belt Asteroids},
    author={Heinze, A. N. and Trollo, Joseph  and Metchev, Stanimir},
    year={2019},
    eprint={1910.13015},
    archivePrefix={arXiv},
    primaryClass={astro-ph.EP}
}

@article{granvik2018neos,
  title={Debiased orbit and absolute-magnitude distributions for near-Earth objects},
  author={Granvik, Mikael and Morbidelli, Alessandro and Jedicke, Robert and Bolin, Bryce and Bottke, William F and Beshore, Edward and Vokrouhlick{\`y}, David and Nesvorn{\`y}, David and Michel, Patrick},
  journal={Icarus},
  volume={312},
  pages={181--207},
  year={2018},
  publisher={Elsevier}
}

@inproceedings{ivezic2009lsst,
  title={LSST: from science drivers to reference design and anticipated data products},
  author={Ivezic, Zeljko and Tyson, JA and Axelrod, T and Burke, D and Claver, CF and Cook, KH and Kahn, SM and Lupton, RH and Monet, DG and Pinto, PA and others},
  booktitle={Bulletin of the American Astronomical Society},
  volume={41},
  pages={366},
  year={2009}
}

@article{ivezic2019lsst,
  title={LSST: from science drivers to reference design and anticipated data products},
  author={Ivezi{\'c}, {\v{Z}}eljko and Kahn, Steven M and Tyson, J Anthony and Abel, Bob and Acosta, Emily and Allsman, Robyn and Alonso, David and AlSayyad, Yusra and Anderson, Scott F and Andrew, John and others},
  journal={The Astrophysical Journal},
  volume={873},
  number={2},
  pages={111},
  year={2019},
  publisher={IOP Publishing}
}



@inproceedings{moeyens2018thor,
  title={THOR: An Algorithm for Cadence-Independent Asteroid Discovery},
  author={Moeyens, Joachim and Juric, Mario and Ford, Jes and others},
  booktitle={AAS/Division for Planetary Sciences Meeting Abstracts},
  volume={50},
  year={2018}
}

@article{s3m,
  title={The Pan-STARRS synthetic Solar System model: A tool for testing and efficiency determination of the moving object processing system},
  author={Grav, Tommy and Jedicke, Robert and Denneau, Larry and Chesley, Steve and Holman, Matthew J and Spahr, Timothy B},
  journal={Publications of the Astronomical Society of the Pacific},
  volume={123},
  number={902},
  pages={423},
  year={2011},
  publisher={IOP Publishing}
}

@article{jedicke1998,
  title={The orbital and absolute magnitude distributions of main belt asteroids},
  author={Jedicke, Robert and Metcalfe, TS},
  journal={Icarus},
  volume={131},
  number={2},
  pages={245--260},
  year={1998},
  publisher={Elsevier}
}

@article{jedicke2002,
  title={Observational selection effects in asteroid surveys and estimates of asteroid population sizes},
  author={Jedicke, Robert and Larsen, Jeffrey and Spahr, Timothy},
  journal={Asteroids III},
  pages={71--87},
  year={2002},
  publisher={this volume. Univ. of Arizona, Tucson}
}


@article{bernstein2004,
	doi = {10.1086/422919},
	url = {https://doi.org/10.1086%2F422919},
	year = 2004,
	month = {sep},
	publisher = {{IOP} Publishing},
	volume = {128},
	number = {3},
	pages = {1364--1390},
	author = {G. M. Bernstein and D. E. Trilling and R. L. Allen and M. E. Brown and M. Holman and R. Malhotra},
	title = {The Size Distribution of Trans-Neptunian Bodies},
	journal = {The Astronomical Journal},
}

@article{veres2017near,
  title={Near-Earth Object Orbit Linking with the Large Synoptic Survey Telescope},
  author={Vere{\v{s}}, Peter and Chesley, Steven R},
  journal={The Astronomical Journal},
  volume={154},
  number={1},
  pages={13},
  year={2017},
  publisher={IOP Publishing}
}

@article{jones2015asteroid,
  title={Asteroid discovery and characterization with the Large Synoptic Survey Telescope},
  author={Jones, R Lynne and Juri{\'c}, Mario and Ivezi{\'c}, {\v{Z}}eljko},
  journal={Proceedings of the International Astronomical Union},
  volume={10},
  number={S318},
  pages={282--292},
  year={2015},
  publisher={Cambridge University Press}
}

@article{jones2018large,
  title={The Large Synoptic Survey Telescope as a near-Earth object discovery machine},
  author={Jones, R Lynne and Slater, Colin T and Moeyens, Joachim and Allen, Lori and Axelrod, Tim and Cook, Kem and Ivezi{\'c}, {\v{Z}}eljko and Juri{\'c}, Mario and Myers, Jonathan and Petry, Catherine E},
  journal={Icarus},
  volume={303},
  pages={181--202},
  year={2018},
  publisher={Elsevier}
}

@article{grav2016modeling,
  title={Modeling the performance of the LSST in surveying the near-Earth object population},
  author={Grav, Tommy and Mainzer, AK and Spahr, Tim},
  journal={The Astronomical Journal},
  volume={151},
  number={6},
  pages={172},
  year={2016},
  publisher={IOP Publishing}
}

@article{veres2017high,
  title={High-fidelity Simulations of the Near-Earth Object Search Performance of the Large Synoptic Survey Telescope},
  author={Vere{\v{s}}, Peter and Chesley, Steven R},
  journal={The Astronomical Journal},
  volume={154},
  number={1},
  pages={12},
  year={2017},
  publisher={IOP Publishing}
}


@article{ivezic2006lsst,
  title={LSST: Comprehensive NEO detection, characterization, and orbits},
  author={Ivezi{\'c}, {\v{Z}}eljko and Tyson, J Anthony and Juri{\'c}, Mario and Kubica, Jeremy and Connolly, Andrew and Pierfederici, Francesco and Harris, Alan W and Bowell, Edward and LSST collaboration and others},
  journal={Proceedings of the International Astronomical Union},
  volume={2},
  number={S236},
  pages={353--362},
  year={2006},
  publisher={Cambridge University Press}
}

@ARTICLE{panstarrs,
       author = {{Chambers}, K.~C. and {Magnier}, E.~A. and {Metcalfe}, N. and
         {Flewelling}, H.~A. and {Huber}, M.~E. and {Waters}, C.~Z. and
         {Denneau}, L. and {Draper}, P.~W. and {Farrow}, D. and
         {Finkbeiner}, D.~P. and {Holmberg}, C. and {Koppenhoefer}, J. and
         {Price}, P.~A. and {Rest}, A. and {Saglia}, R.~P. and
         {Schlafly}, E.~F. and {Smartt}, S.~J. and {Sweeney}, W. and
         {Wainscoat}, R.~J. and {Burgett}, W.~S. and {Chastel}, S. and
         {Grav}, T. and {Heasley}, J.~N. and {Hodapp}, K.~W. and {Jedicke}, R. and
         {Kaiser}, N. and {Kudritzki}, R. -P. and {Luppino}, G.~A. and
         {Lupton}, R.~H. and {Monet}, D.~G. and {Morgan}, J.~S. and
         {Onaka}, P.~M. and {Shiao}, B. and {Stubbs}, C.~W. and {Tonry}, J.~L. and
         {White}, R. and {Ba{\~n}ados}, E. and {Bell}, E.~F. and {Bender}, R. and
         {Bernard}, E.~J. and {Boegner}, M. and {Boffi}, F. and
         {Botticella}, M.~T. and {Calamida}, A. and {Casertano}, S. and
         {Chen}, W. -P. and {Chen}, X. and {Cole}, S. and {Deacon}, N. and
         {Frenk}, C. and {Fitzsimmons}, A. and {Gezari}, S. and {Gibbs}, V. and
         {Goessl}, C. and {Goggia}, T. and {Gourgue}, R. and {Goldman}, B. and
         {Grant}, P. and {Grebel}, E.~K. and {Hambly}, N.~C. and {Hasinger}, G. and
         {Heavens}, A.~F. and {Heckman}, T.~M. and {Henderson}, R. and
         {Henning}, T. and {Holman}, M. and {Hopp}, U. and {Ip}, W. -H. and
         {Isani}, S. and {Jackson}, M. and {Keyes}, C.~D. and
         {Koekemoer}, A.~M. and {Kotak}, R. and {Le}, D. and {Liska}, D. and
         {Long}, K.~S. and {Lucey}, J.~R. and {Liu}, M. and {Martin}, N.~F. and
         {Masci}, G. and {McLean}, B. and {Mindel}, E. and {Misra}, P. and
         {Morganson}, E. and {Murphy}, D.~N.~A. and {Obaika}, A. and
         {Narayan}, G. and {Nieto-Santisteban}, M.~A. and {Norberg}, P. and
         {Peacock}, J.~A. and {Pier}, E.~A. and {Postman}, M. and {Primak}, N. and
         {Rae}, C. and {Rai}, A. and {Riess}, A. and {Riffeser}, A. and
         {Rix}, H.~W. and {R{\"o}ser}, S. and {Russel}, R. and {Rutz}, L. and
         {Schilbach}, E. and {Schultz}, A.~S.~B. and {Scolnic}, D. and
         {Strolger}, L. and {Szalay}, A. and {Seitz}, S. and {Small}, E. and
         {Smith}, K.~W. and {Soderblom}, D.~R. and {Taylor}, P. and
         {Thomson}, R. and {Taylor}, A.~N. and {Thakar}, A.~R. and {Thiel}, J. and
         {Thilker}, D. and {Unger}, D. and {Urata}, Y. and {Valenti}, J. and
         {Wagner}, J. and {Walder}, T. and {Walter}, F. and {Watters}, S.~P. and
         {Werner}, S. and {Wood-Vasey}, W.~M. and {Wyse}, R.},
        title = "{The Pan-STARRS1 Surveys}",
      journal = {arXiv e-prints},
     keywords = {Astrophysics - Instrumentation and Methods for Astrophysics, Astrophysics - Earth and Planetary Astrophysics, Astrophysics - Astrophysics of Galaxies, Astrophysics - Solar and Stellar Astrophysics},
         year = "2016",
        month = "Dec",
          eid = {arXiv:1612.05560},
        pages = {arXiv:1612.05560},
archivePrefix = {arXiv},
       eprint = {1612.05560},
 primaryClass = {astro-ph.IM},
       adsurl = {https://ui.adsabs.harvard.edu/abs/2016arXiv161205560C},
      adsnote = {Provided by the SAO/NASA Astrophysics Data System}
}




@ARTICLE{LSSTscibook2009,
       author = {{LSST Science Collaboration} and {Abell}, Paul A. and {Allison}, Julius and
         {Anderson}, Scott F. and {Andrew}, John R. and {Angel}, J. Roger P. and
         {Armus}, Lee and {Arnett}, David and {Asztalos}, S.~J. and
         {Axelrod}, Tim S. and {Bailey}, Stephen and {Ballantyne}, D.~R. and
         {Bankert}, Justin R. and {Barkhouse}, Wayne A. and {Barr}, Jeffrey D. and
         {Barrientos}, L. Felipe and {Barth}, Aaron J. and {Bartlett}, James G. and
         {Becker}, Andrew C. and {Becla}, Jacek and {Beers}, Timothy C. and
         {Bernstein}, Joseph P. and {Biswas}, Rahul and {Blanton}, Michael R. and
         {Bloom}, Joshua S. and {Bochanski}, John J. and {Boeshaar}, Pat and
         {Borne}, Kirk D. and {Bradac}, Marusa and {Brandt}, W.~N. and
         {Bridge}, Carrie R. and {Brown}, Michael E. and {Brunner}, Robert J. and
         {Bullock}, James S. and {Burgasser}, Adam J. and {Burge}, James H. and
         {Burke}, David L. and {Cargile}, Phillip A. and {Chand
        rasekharan}, Srinivasan and {Chartas}, George and {Chesley}, Steven R. and
         {Chu}, You-Hua and {Cinabro}, David and {Claire}, Mark W. and
         {Claver}, Charles F. and {Clowe}, Douglas and {Connolly}, A.~J. and
         {Cook}, Kem H. and {Cooke}, Jeff and {Cooray}, Asantha and
         {Covey}, Kevin R. and {Culliton}, Christopher S. and {de Jong}, Roelof and
         {de Vries}, Willem H. and {Debattista}, Victor P. and
         {Delgado}, Francisco and {Dell'Antonio}, Ian P. and {Dhital}, Saurav and
         {Di Stefano}, Rosanne and {Dickinson}, Mark and {Dilday}, Benjamin and
         {Djorgovski}, S.~G. and {Dobler}, Gregory and {Donalek}, Ciro and
         {Dubois-Felsmann}, Gregory and {Durech}, Josef and
         {Eliasdottir}, Ardis and {Eracleous}, Michael and {Eyer}, Laurent and
         {Falco}, Emilio E. and {Fan}, Xiaohui and {Fassnacht}, Christopher D. and
         {Ferguson}, Harry C. and {Fernandez}, Yanga R. and {Fields}, Brian D. and
         {Finkbeiner}, Douglas and {Figueroa}, Eduardo E. and {Fox}, Derek B. and
         {Francke}, Harold and {Frank}, James S. and {Frieman}, Josh and
         {Fromenteau}, Sebastien and {Furqan}, Muhammad and {Galaz}, Gaspar and
         {Gal-Yam}, A. and {Garnavich}, Peter and {Gawiser}, Eric and
         {Geary}, John and {Gee}, Perry and {Gibson}, Robert R. and
         {Gilmore}, Kirk and {Grace}, Emily A. and {Green}, Richard F. and
         {Gressler}, William J. and {Grillmair}, Carl J. and {Habib}, Salman and
         {Haggerty}, J.~S. and {Hamuy}, Mario and {Harris}, Alan W. and
         {Hawley}, Suzanne L. and {Heavens}, Alan F. and {Hebb}, Leslie and
         {Henry}, Todd J. and {Hileman}, Edward and {Hilton}, Eric J. and
         {Hoadley}, Keri and {Holberg}, J.~B. and {Holman}, Matt J. and
         {Howell}, Steve B. and {Infante}, Leopoldo and {Ivezic}, Zeljko and
         {Jacoby}, Suzanne H. and {Jain}, Bhuvnesh and {R} and {Jedicke} and
         {Jee}, M. James and {Garrett Jernigan}, J. and {Jha}, Saurabh W. and
         {Johnston}, Kathryn V. and {Jones}, R. Lynne and {Juric}, Mario and
         {Kaasalainen}, Mikko and {Styliani} and {Kafka} and {Kahn}, Steven M. and
         {Kaib}, Nathan A. and {Kalirai}, Jason and {Kantor}, Jeff and
         {Kasliwal}, Mansi M. and {Keeton}, Charles R. and {Kessler}, Richard and
         {Knezevic}, Zoran and {Kowalski}, Adam and {Krabbendam}, Victor L. and
         {Krughoff}, K. Simon and {Kulkarni}, Shrinivas and {Kuhlman}, Stephen and
         {Lacy}, Mark and {Lepine}, Sebastien and {Liang}, Ming and {Lien}, Amy and
         {Lira}, Paulina and {Long}, Knox S. and {Lorenz}, Suzanne and
         {Lotz}, Jennifer M. and {Lupton}, R.~H. and {Lutz}, Julie and
         {Macri}, Lucas M. and {Mahabal}, Ashish A. and {Mandelbaum}, Rachel and
         {Marshall}, Phil and {May}, Morgan and {McGehee}, Peregrine M. and
         {Meadows}, Brian T. and {Meert}, Alan and {Milani}, Andrea and
         {Miller}, Christopher J. and {Miller}, Michelle and {Mills}, David and
         {Minniti}, Dante and {Monet}, David and {Mukadam}, Anjum S. and
         {Nakar}, Ehud and {Neill}, Douglas R. and {Newman}, Jeffrey A. and
         {Nikolaev}, Sergei and {Nordby}, Martin and {O'Connor}, Paul and
         {Oguri}, Masamune and {Oliver}, John and {Olivier}, Scot S. and
         {Olsen}, Julia K. and {Olsen}, Knut and {Olszewski}, Edward W. and
         {Oluseyi}, Hakeem and {Padilla}, Nelson D. and {Parker}, Alex and
         {Pepper}, Joshua and {Peterson}, John R. and {Petry}, Catherine and
         {Pinto}, Philip A. and {Pizagno}, James L. and {Popescu}, Bogdan and
         {Prsa}, Andrej and {Radcka}, Veljko and {Raddick}, M. Jordan and
         {Rasmussen}, Andrew and {Rau}, Arne and {Rho}, Jeonghee and
         {Rhoads}, James E. and {Richards}, Gordon T. and {Ridgway}, Stephen T. and
         {Robertson}, Brant E. and {Roskar}, Rok and {Saha}, Abhijit and
         {Sarajedini}, Ata and {Scannapieco}, Evan and {Schalk}, Terry and
         {Schindler}, Rafe and {Schmidt}, Samuel and {Schmidt}, Sarah and
         {Schneider}, Donald P. and {Schumacher}, German and {Scranton}, Ryan and
         {Sebag}, Jacques and {Seppala}, Lynn G. and {Shemmer}, Ohad and
         {Simon}, Joshua D. and {Sivertz}, M. and {Smith}, Howard A. and
         {Allyn Smith}, J. and {Smith}, Nathan and {Spitz}, Anna H. and
         {Stanford}, Adam and {Stassun}, Keivan G. and {Strader}, Jay and
         {Strauss}, Michael A. and {Stubbs}, Christopher W. and
         {Sweeney}, Donald W. and {Szalay}, Alex and {Szkody}, Paula and
         {Takada}, Masahiro and {Thorman}, Paul and {Trilling}, David E. and
         {Trimble}, Virginia and {Tyson}, Anthony and {Van Berg}, Richard and {Vand
        en Berk}, Daniel and {VanderPlas}, Jake and {Verde}, Licia and
         {Vrsnak}, Bojan and {Walkowicz}, Lucianne M. and {Wand
        elt}, Benjamin D. and {Wang}, Sheng and {Wang}, Yun and
         {Warner}, Michael and {Wechsler}, Risa H. and {West}, Andrew A. and
         {Wiecha}, Oliver and {Williams}, Benjamin F. and {Willman}, Beth and
         {Wittman}, David and {Wolff}, Sidney C. and {Wood-Vasey}, W. Michael and
         {Wozniak}, Przemek and {Young}, Patrick and {Zentner}, Andrew and
         {Zhan}, Hu},
        title = "{LSST Science Book, Version 2.0}",
      journal = {arXiv e-prints},
     keywords = {Astrophysics - Instrumentation and Methods for Astrophysics, Astrophysics - Cosmology and Extragalactic Astrophysics, Astrophysics - Earth and Planetary Astrophysics, Astrophysics - Galaxy Astrophysics, Astrophysics - Solar and Stellar Astrophysics},
         year = "2009",
        month = "Dec",
          eid = {arXiv:0912.0201},
        pages = {arXiv:0912.0201},
archivePrefix = {arXiv},
       eprint = {0912.0201},
 primaryClass = {astro-ph.IM},
       adsurl = {https://ui.adsabs.harvard.edu/abs/2009arXiv0912.0201L},
      adsnote = {Provided by the SAO/NASA Astrophysics Data System}
}
